@techreport{borges,
	title = {Transmissão de Dados},
	author = {Fátima Borges},
	number = {3},
	year = {2008},
	institution = {Schneider Electric},
	note = {Disponível em: \url{http://www.schneiderelectric.pt/documents/product-services/training/transmissao_dados.pdf}. Acesso em: 3 ago. 2017.}
}

@mastersthesis{Pra,
	title = {Medidor de Taxa de Erro de Bit para Fibra Óptica},
	author = {Thiago Dai Pra},
	school = {Universidade Federal do Rio Grande do Sul},
	year = {2012},
	note = {Disponível em: \url{https://www.lume.ufrgs.br/bitstream/handle/10183/65425/000858235.pdf?sequence=1}. Acesso em: 1 ago. 2017.}
}

@book{Fourouzan,
  title = {Data Communications and Networking},
  author = {Behrouz A. Forouzan},
  edition = {4},
  chapter = {10},
  pages = {267--306},
  year = {2007},
  publisher = {McGraw-Hill}
}

@article{berlekamp,
	author={E. Berlekamp and R. Peile and S. Pope},
	journal={IEEE Communications Magazine},
	title={The application of error control to communications},
	year={1987},
	volume={25},
	number={4},
	pages={44-57},
	keywords={Communication system reliability;Data communications;Error-correction coding;Codes;Communication system control;Degradation;Error correction;Modulation coding;Redundancy;Satellite broadcasting},
	doi={10.1109/MCOM.1987.1093590},
	ISSN={0163-6804},
	month={April}
}

@article{Franaszek,
	author={A. X. Widmer and P. A. Franaszek},
	journal={IBM Journal of Research and Development},
	title={A DC-Balanced, Partitioned-Block, 8B/10B Transmission Code},
	year={1983},
	volume={27},
	number={5},
	pages={440-451},
	doi={10.1147/rd.275.0440},
	ISSN={0018-8646},
	month={Sept}
}
